% Encoding: UTF-8

@Misc{Alliance2018,
  author       = {{Australian Brain Alliance}},
  title        = {TRACTOGRAPHY: SAFER BRAIN SURGERY},
  howpublished = {https://www.brainalliance.org.au/wp-content/uploads/2018/03/09-Tractography-Factsheet-FINAL.pdf},
  month        = mar,
  year         = {2018},
}

@InCollection{Yogarajah2009,
  author    = {M. Yogarajah and J.S. Duncan and M.J. Koepp},
  title     = {IMAGING | Structure and Function: Imaging Connectivity Using Tractography},
  booktitle = {Encyclopedia of Basic Epilepsy Research},
  publisher = {Academic Press},
  year      = {2009},
  editor    = {Philip A. Schwartzkroin},
  pages     = {1586 - 1592},
  address   = {Oxford},
  isbn      = {978-0-12-373961-2},
  doi       = {https://doi.org/10.1016/B978-012373961-2.00221-6},
  keywords  = {Diffusion tensor, Epilepsy, Language, Memory, MRI, Tractography, Vision},
  url       = {http://www.sciencedirect.com/science/article/pii/B9780123739612002216},
}

@Article{Mamah2010,
  author   = {Daniel Mamah and Thomas E. Conturo and Michael P. Harms and Erbil Akbudak and Lei Wang and Amanda R. McMichael and Mokhtar H. Gado and Deanna M. Barch and John G. Csernansky},
  title    = {Anterior thalamic radiation integrity in schizophrenia: A diffusion-tensor imaging study},
  journal  = {Psychiatry Research: Neuroimaging},
  year     = {2010},
  volume   = {183},
  number   = {2},
  pages    = {144 - 150},
  issn     = {0925-4927},
  doi      = {https://doi.org/10.1016/j.pscychresns.2010.04.013},
  keywords = {Schizophrenia, Anterior thalamic radiation, Internal capsule, DTI, Diffusion-tensor imaging, ROI, Thalamus, Anisotropy, Working memory, Executive function},
  url      = {http://www.sciencedirect.com/science/article/pii/S0925492710001496},
}

@Misc{Washington1994,
  author       = {{University of Washington}},
  title        = {BrainInfo},
  howpublished = {http://braininfo.rprc.washington.edu},
  year         = {1994},
  doi          = {10.1007/978-1-4614-7320-6_485-1},
}

@Book{HenryGray1918,
  title     = {Anatomy of the Human Body},
  publisher = {Philadelphia : Lea \& Febiger},
  year      = {1918},
  author    = {{Henry Gray}},
  doi       = {10.5962/bhl.title.20311},
}

@Misc{PDD2015,
  author       = {{Pr Denis Ducreux}},
  title        = {Connectopedia Knowledge Database},
  howpublished = {http://www.fmritools.com/kdb/index.html},
  year         = {2015},
  owner        = {Mohammed},
}

@Article{Kalivas1993,
  author    = {Peter W. Kalivas},
  title     = {Neurotransmitter regulation of dopamine neurons in the ventral tegmental area},
  journal   = {Brain Research Reviews},
  year      = {1993},
  volume    = {18},
  number    = {1},
  pages     = {75--113},
  month     = {jan},
  doi       = {10.1016/0165-0173(93)90008-n},
  publisher = {Elsevier {BV}},
}

@Article{Jbabdi2015,
  author    = {Saad Jbabdi and Stamatios N Sotiropoulos and Suzanne N Haber and David C Van Essen and Timothy E Behrens},
  title     = {Measuring macroscopic brain connections in vivo},
  journal   = {Nature Neuroscience},
  year      = {2015},
  volume    = {18},
  number    = {11},
  pages     = {1546--1555},
  month     = {oct},
  doi       = {10.1038/nn.4134},
  publisher = {Springer Nature},
}

@Article{Holstege2003,
  author    = {Gert Holstege and Janniko R. Georgiadis and Anne M. J. Paans and Linda C. Meiners and Ferdinand H. C. E. van der Graaf and A. A. T. Simone Reinders},
  title     = {Brain Activation during Human Male Ejaculation},
  journal   = {The Journal of Neuroscience},
  year      = {2003},
  volume    = {23},
  number    = {27},
  pages     = {9185--9193},
  month     = {oct},
  doi       = {10.1523/jneurosci.23-27-09185.2003},
  publisher = {Society for Neuroscience},
}

@InProceedings{Li2007,
  author    = {Hongdong Li and Richard Hartley},
  title     = {The 3D-3D Registration Problem Revisited},
  booktitle = {2007 {IEEE} 11th International Conference on Computer Vision},
  year      = {2007},
  publisher = {{IEEE}},
  doi       = {10.1109/iccv.2007.4409077},
}

@Article{Zhang1994,
  author    = {Zhengyou Zhang},
  title     = {Iterative point matching for registration of free-form curves and surfaces},
  journal   = {International Journal of Computer Vision},
  year      = {1994},
  volume    = {13},
  number    = {2},
  pages     = {119--152},
  month     = {oct},
  doi       = {10.1007/bf01427149},
  publisher = {Springer Nature},
}

@Book{Blumenfeld2010,
  title     = {Neuroanatomy through Clinical Cases},
  publisher = {Oxford University Press},
  year      = {2010},
  author    = {Blumenfeld, Hal},
  isbn      = {0878936130},
  date      = {2010-02-01},
  ean       = {9780878936137},
  pagetotal = {951},
  url       = {https://www.ebook.de/de/product/16699694/hal_blumenfeld_neuroanatomy_through_clinical_cases.html},
}

@Article{Fields2008,
  author    = {R. Douglas Fields},
  title     = {White Matter Matters},
  journal   = {Scientific American},
  year      = {2008},
  volume    = {298},
  number    = {3},
  pages     = {54--61},
  month     = {mar},
  doi       = {10.1038/scientificamerican0308-54},
  publisher = {Springer Nature},
}

@Book{Klein2008,
  title     = {Biological Psychology},
  publisher = {Worth Publishers},
  year      = {2008},
  author    = {Stephen B. Klein},
  isbn      = {9781429225656},
  url       = {https://www.amazon.com/Biological-Psychology-CD-Rom-Study-Guide/dp/1429225653?SubscriptionId=AKIAIOBINVZYXZQZ2U3A&tag=chimbori05-20&linkCode=xm2&camp=2025&creative=165953&creativeASIN=1429225653},
}

@Book{Brodal2016,
  title     = {The Central Nervous System},
  publisher = {OXFORD UNIV PR},
  year      = {2016},
  author    = {Brodal, Per},
  isbn      = {0190228954},
  date      = {2016-05-18},
  ean       = {9780190228958},
  pagetotal = {720},
  url       = {https://www.ebook.de/de/product/26377336/per_brodal_the_central_nervous_system.html},
}

@Misc{JaredTanner2010,
  author = {{Jared Tanner}},
  title  = {An overview of and introduction to the cingulum},
  year   = {2010},
  owner  = {Mohammed},
}

@Article{Jbabdi2015a,
  author    = {Jbabdi, Saad and Sotiropoulos, Stamatios N and Haber, Suzanne N and Van Essen, David C and Behrens, Timothy E},
  title     = {Measuring macroscopic brain connections in vivo},
  journal   = {Nature neuroscience},
  year      = {2015},
  volume    = {18},
  number    = {11},
  pages     = {1546},
  doi       = {10.1038/nn.4134},
  owner     = {Mohammed},
  publisher = {Nature Publishing Group},
}

@Article{Maier-Hein2017,
  author    = {Klaus H. Maier-Hein and Peter F. Neher and Jean-Christophe Houde and Marc-Alexandre C{\^{o}}t{\'{e}} and Eleftherios Garyfallidis and Jidan Zhong and Maxime Chamberland and Fang-Cheng Yeh and Ying-Chia Lin and Qing Ji and Wilburn E. Reddick and John O. Glass and David Qixiang Chen and Yuanjing Feng and Chengfeng Gao and Ye Wu and Jieyan Ma and H. Renjie and Qiang Li and Carl-Fredrik Westin and Samuel Deslauriers-Gauthier and J. Omar Ocegueda Gonz{\'{a}}lez and Michael Paquette and Samuel St-Jean and Gabriel Girard and Fran{\c{c}}ois Rheault and Jasmeen Sidhu and Chantal M. W. Tax and Fenghua Guo and Hamed Y. Mesri and Szabolcs D{\'{a}}vid and Martijn Froeling and Anneriet M. Heemskerk and Alexander Leemans and Arnaud Bor{\'{e}} and Basile Pinsard and Christophe Bedetti and Matthieu Desrosiers and Simona Brambati and Julien Doyon and Alessia Sarica and Roberta Vasta and Antonio Cerasa and Aldo Quattrone and Jason Yeatman and Ali R. Khan and Wes Hodges and Simon Alexander and David Romascano and Muhamed Barakovic and Anna Aur{\'{\i}}a and Oscar Esteban and Alia Lemkaddem and Jean-Philippe Thiran and H. Ertan Cetingul and Benjamin L. Odry and Boris Mailhe and Mariappan S. Nadar and Fabrizio Pizzagalli and Gautam Prasad and Julio E. Villalon-Reina and Justin Galvis and Paul M. Thompson and Francisco De Santiago Requejo and Pedro Luque Laguna and Luis Miguel Lacerda and Rachel Barrett and Flavio Dell'Acqua and Marco Catani and Laurent Petit and Emmanuel Caruyer and Alessandro Daducci and Tim B. Dyrby and Tim Holland-Letz and Claus C. Hilgetag and Bram Stieltjes and Maxime Descoteaux},
  title     = {The challenge of mapping the human connectome based on diffusion tractography},
  journal   = {Nature Communications},
  year      = {2017},
  volume    = {8},
  number    = {1},
  month     = {nov},
  doi       = {10.1038/s41467-017-01285-x},
  publisher = {Springer Nature},
}

@Article{Besl1992,
  author    = {P.J. Besl and Neil D. McKay},
  title     = {A method for registration of 3-D shapes},
  journal   = {{IEEE} Transactions on Pattern Analysis and Machine Intelligence},
  year      = {1992},
  volume    = {14},
  number    = {2},
  pages     = {239--256},
  month     = {feb},
  doi       = {10.1109/34.121791},
  publisher = {Institute of Electrical and Electronics Engineers ({IEEE})},
}

@Article{Chen1992,
  author    = {Yang Chen and G{\'{e}}rard Medioni},
  title     = {Object modelling by registration of multiple range images},
  journal   = {Image and Vision Computing},
  year      = {1992},
  volume    = {10},
  number    = {3},
  pages     = {145--155},
  month     = {apr},
  doi       = {10.1016/0262-8856(92)90066-c},
  publisher = {Elsevier {BV}},
}

@InProceedings{Rusinkiewicza2001,
  author    = {S. Rusinkiewicz and M. Levoy},
  title     = {Efficient variants of the {ICP} algorithm},
  booktitle = {Proceedings Third International Conference on 3-D Digital Imaging and Modeling},
  year      = {2001},
  publisher = {{IEEE} Comput. Soc},
  doi       = {10.1109/im.2001.924423},
}

@Article{Grimm2018,
  author    = {Sabine E. Grimm and Nigel Armstrong and Bram L. T. Ramaekers and Xavier Pouwels and Shona Lang and Svenja Petersohn and Rob Riemsma and Gillian Worthy and Lisa Stirk and Janine Ross and Jos Kleijnen and Manuela A. Joore},
  title     = {Nivolumab for Treating Metastatic or Unresectable Urothelial Cancer: An Evidence Review Group Perspective of a {NICE} Single Technology Appraisal},
  journal   = {{PharmacoEconomics}},
  year      = {2018},
  month     = {oct},
  doi       = {10.1007/s40273-018-0723-5},
  publisher = {Springer Nature America, Inc},
}

@Misc{andrei_novikov_2018_1254845,
  author = {{Andrei Novikov}},
  title  = {annoviko/pyclustering: pyclustering 0.8.1 release},
  month  = may,
  year   = {2018},
  doi    = {10.5281/zenodo.1254845},
  url    = {https://doi.org/10.5281/zenodo.1254845},
}

@MastersThesis{Ganeva2015,
  author = {Margarita Ganeva},
  title  = {Patch-Based Nonrigid Registration of Triangle Meshes and Point Clouds},
  school = {Institute for Computer Science, University of Bonn},
  year   = {2015},
  owner  = {Mohammed},
}

@InProceedings{Amberg2007,
  author       = {Amberg, Brian and Romdhani, Sami and Vetter, Thomas},
  title        = {Optimal step nonrigid ICP algorithms for surface registration},
  booktitle    = {Computer Vision and Pattern Recognition, 2007. CVPR'07. IEEE Conference on},
  year         = {2007},
  pages        = {1--8},
  organization = {IEEE},
  doi          = {10.1109/cvpr.2007.383165},
  owner        = {Mohammed},
}

@Book{Jolliffe2002,
  title     = {Principal Component Analysis (Springer Series in Statistics)},
  publisher = {Springer},
  year      = {2002},
  author    = {I.T. Jolliffe},
  isbn      = {978-0-387-95442-4},
  url       = {https://www.amazon.com/Principal-Component-Analysis-Springer-Statistics/dp/0387954422?SubscriptionId=AKIAIOBINVZYXZQZ2U3A&tag=chimbori05-20&linkCode=xm2&camp=2025&creative=165953&creativeASIN=0387954422},
}

@Book{Wald1950,
  title     = {Statistical decision functions},
  publisher = {Wiley [u.a.]},
  year      = {1950},
  author    = {Abraham Wald},
  series    = {Wiley publications in statistics},
  address   = {New York [u.a.]},
  doi       = {10.1007/978-1-4612-0919-5_22},
  pagetotal = {IX, 179},
  ppn_gvk   = {232354693},
}

@Article{JonLouisBentley1975,
  author  = {Jon Louis Bentley, Stanford University, Stanford},
  title   = {Multidimensional binary search trees used for associative searching},
  journal = {Communications of the ACM},
  year    = {1975},
  doi     = {10.1145/361002.361007},
}

@Article{Smith2002,
  author  = {Smith, Lindsay I},
  title   = {A tutorial on principal components analysis, February 2002},
  journal = {URL http://www.cs.otago.ac.nz/cosc453/student_tutorials/principal_components.pdf (URL accessed on November 27, 2002)},
  year    = {2002},
  owner   = {Mohammed},
  url     = {http://www.cs.otago.ac.nz/cosc453/student_tutorials/principal_components.pdf},
}

@Article{Bentley1975,
  author    = {Bentley, Jon Louis},
  title     = {Multidimensional binary search trees used for associative searching},
  journal   = {Communications of the ACM},
  year      = {1975},
  volume    = {18},
  number    = {9},
  pages     = {509--517},
  doi       = {10.1145/361002.361007},
  owner     = {Mohammed},
  publisher = {ACM},
  url       = {http://citeseerx.ist.psu.edu/viewdoc/download?doi=10.1.1.160.335&rep=rep1&type=pdf},
}

@Misc{Wikipedia2006,
  author   = {{Wikipedia, the free encyclopedia}},
  title    = {3D Tree},
  month    = feb,
  year     = {2006},
  note     = {[Online; accessed Feb 9, 2019]},
  keywords = {kdtree},
  owner    = {Mohammed},
  url      = {https://upload.wikimedia.org/wikipedia/commons/b/b6/3dtree.png},
}

@Misc{Wikipedia2019,
  author = {{Wikipedia contributors}},
  title  = {Kronecker product},
  month  = feb,
  year   = {2019},
  note   = {[Online; accessed 9-February-2019]},
  url    = {https://en.wikipedia.org/w/index.php?title=Kronecker_product&oldid=878874370},
}

@Misc{Wikipedia2010,
  author   = {{Wikipedia, the free encyclopedia}},
  title    = {Oriented graph with corresponding incidence matrix},
  month    = February,
  year     = {2010},
  note     = {[Online; accessed Feb 9, 2019]},
  keywords = {graph, matrix},
  url      = {https://upload.wikimedia.org/wikipedia/commons/5/50/Incidence_matrix_-_directed_graph.svg},
}

@Misc{Wikipedia2016,
  author   = {{Wikipedia, the free encyclopedia}},
  title    = {2D affine transformation matrices},
  month    = April,
  year     = {2016},
  note     = {[Online; accessed Feb 10, 2019]},
  keywords = {affine, matrix},
  url      = {https://upload.wikimedia.org/wikipedia/commons/2/2c/2D_affine_transformation_matrix.svg},
}

@Article{Paige1982a,
  author    = {Paige, Christopher C and Saunders, Michael A},
  title     = {LSQR: An algorithm for sparse linear equations and sparse least squares},
  journal   = {ACM Transactions on Mathematical Software (TOMS)},
  year      = {1982},
  volume    = {8},
  number    = {1},
  pages     = {43--71},
  doi       = {10.1145/355984.355989},
  keywords  = {lsqrt},
  publisher = {ACM},
  url       = {https://web.stanford.edu/class/cme324/paige-saunders2.pdf},
}

@Misc{Jones2001,
  author = {Eric Jones and Travis Oliphant and Pearu Peterson and others},
  title  = {{SciPy}: Open source scientific tools for {Python}},
  year   = {2001},
  note   = {[Online; accessed February 11th, 2019]},
  url    = {https://docs.scipy.org/doc/scipy/reference/generated/scipy.sparse.linalg.lsqr.html},
}

@Article{Fitsiori2011,
  author    = {A Fitsiori and D Nguyen and A Karentzos and J Delavelle and M I Vargas},
  title     = {The corpus callosum: white matter or terra incognita},
  journal   = {The British Journal of Radiology},
  year      = {2011},
  volume    = {84},
  number    = {997},
  pages     = {5--18},
  month     = {jan},
  doi       = {10.1259/bjr/21946513},
  publisher = {British Institute of Radiology},
}

@Article{Seo2013,
  author    = {J.P. Seo and S.H. Jang},
  title     = {Different Characteristics of the Corticospinal Tract According to the Cerebral Origin: {DTI} Study},
  journal   = {American Journal of Neuroradiology},
  year      = {2013},
  volume    = {34},
  number    = {7},
  pages     = {1359--1363},
  month     = {jan},
  doi       = {10.3174/ajnr.a3389},
  publisher = {American Society of Neuroradiology ({ASNR})},
}

@Article{Thomas2011,
  author    = {Adam G. Thomas and Panos Koumellis and Robert A. Dineen},
  title     = {The Fornix in Health and Disease: An Imaging Review},
  journal   = {{RadioGraphics}},
  year      = {2011},
  volume    = {31},
  number    = {4},
  pages     = {1107--1121},
  month     = {jul},
  doi       = {10.1148/rg.314105729},
  publisher = {Radiological Society of North America ({RSNA})},
}

@Article{Madhavan2014,
  author    = {Kiely M. Madhavan and Tim McQueeny and Steven R. Howe and Paula Shear and Jerzy Szaflarski},
  title     = {Superior longitudinal fasciculus and language functioning in healthy aging},
  journal   = {Brain Research},
  year      = {2014},
  volume    = {1562},
  pages     = {11--22},
  month     = {may},
  doi       = {10.1016/j.brainres.2014.03.012},
  publisher = {Elsevier {BV}},
}

@InCollection{Schmahmann2006,
  author    = {Jeremy D. Schmahmann and Deepak N. Pandya},
  title     = {Superior Longitudinal Fasciculus and Arcuate Fasciculus},
  booktitle = {Fiber Pathways of the Brain},
  publisher = {Oxford University Press},
  year      = {2006},
  pages     = {393--408},
  month     = {apr},
  doi       = {10.1093/acprof:oso/9780195104233.003.0013},
}

@Article{Wu2016,
  author    = {Yupeng Wu and Dandan Sun and Yong Wang and Yibao Wang},
  title     = {Subcomponents and Connectivity of the Inferior Fronto-Occipital Fasciculus Revealed by Diffusion Spectrum Imaging Fiber Tracking},
  journal   = {Frontiers in Neuroanatomy},
  year      = {2016},
  volume    = {10},
  month     = {sep},
  doi       = {10.3389/fnana.2016.00088},
  publisher = {Frontiers Media {SA}},
}

@Article{Herbet2018,
  author    = {Guillaume Herbet and Ilyess Zemmoura and Hugues Duffau},
  title     = {Functional Anatomy of the Inferior Longitudinal Fasciculus: From Historical Reports to Current Hypotheses},
  journal   = {Frontiers in Neuroanatomy},
  year      = {2018},
  volume    = {12},
  month     = {sep},
  doi       = {10.3389/fnana.2018.00077},
  publisher = {Frontiers Media {SA}},
}

@InProceedings{ODonnell2012,
  author        = {O’Donnell, Lauren J and Wells, William M and Golby, Alexandra J and Westin, Carl-Fredrik},
  title         = {Unbiased groupwise registration of white matter tractography},
  booktitle     = {International Conference on Medical Image Computing and Computer-Assisted Intervention},
  year          = {2012},
  pages         = {123--130},
  organization  = {Springer},
  __markedentry = {[INSTHassaM3:6]},
}
@Article{Jeurissen2017,
  author    = {Ben Jeurissen and Maxime Descoteaux and Susumu Mori and Alexander Leemans},
  title     = {Diffusion {MRI} fiber tractography of the brain},
  journal   = {{NMR} in Biomedicine},
  year      = {2017},
  pages     = {e3785},
  month     = {sep},
  doi       = {10.1002/nbm.3785},
  publisher = {Wiley},
}

@Article{Cordon2006,
  author    = {O. Cord{\'{o}}n and S. Damas and J. Santamar{\'{\i}}a},
  title     = {A fast and accurate approach for 3D image registration using the scatter search evolutionary algorithm},
  journal   = {Pattern Recognition Letters},
  year      = {2006},
  volume    = {27},
  number    = {11},
  pages     = {1191--1200},
  month     = {aug},
  doi       = {10.1016/j.patrec.2005.07.017},
  publisher = {Elsevier {BV}},
}

@Comment{jabref-meta: databaseType:bibtex;}
